<?xml version="1.0" encoding="UTF-8"?>
<record xmlns="http://www.loc.gov/MARC21/slim">
   <leader>00633cam a22001457a 4500</leader>
   <controlfield tag="001">7012295</controlfield>
   <controlfield tag="003">NjP</controlfield>
   <controlfield tag="005">20120309145324.0</controlfield>
   <controlfield tag="008">120309s1909    le ||||| |||||||| ||ara|d</controlfield>
   <datafield tag="024" ind1="7" ind2=" ">
      <subfield code="a">princeton_aco003670</subfield>
      <subfield code="2">local</subfield>
   </datafield>
   <datafield ind1=" " ind2=" " tag="040">
      <subfield code="a">PUL</subfield>
      <subfield code="c">PUL</subfield>
      <subfield code="d">PUL</subfield>
   </datafield>
   <datafield ind1="0" ind2=" " tag="130">
      <subfield code="a">Bible.</subfield>
      <subfield code="l">Arabic.</subfield>
      <subfield code="f">1909.</subfield>
   </datafield>
   <datafield ind1="1" ind2="3" tag="245">
      <subfield code="6">880-01</subfield>
      <subfield code="a">al-Kitāb al-muqaddas, ay, kutub al-ʻAhd al-qadīm wa-al-ʻAhd al-jadīd.</subfield>
   </datafield>
   <datafield ind1=" " ind2=" " tag="260">
      <subfield code="6">880-02</subfield>
      <subfield code="a">Bayrūt :</subfield>
      <subfield code="b">al-Maṭbaʻah al-Amrīkānīyah,</subfield>
      <subfield code="c">1909.</subfield>
   </datafield>
   <datafield ind1=" " ind2=" " tag="300">
      <subfield code="a">1 v. (various pagings) ;</subfield>
      <subfield code="c">19cm.</subfield>
   </datafield>
   <datafield ind1="1" ind2="2" tag="880">
      <subfield code="6">245-01/r</subfield>
      <subfield code="a">الكتاب المقدس، اي، كتب العهد القديم والعهد الجديد.</subfield>
   </datafield>
   <datafield ind1=" " ind2=" " tag="880">
      <subfield code="6">260-02/r</subfield>
      <subfield code="a">بيروت :</subfield>
      <subfield code="b">المطبعة الامريكانية،</subfield>
      <subfield code="c">1909.</subfield>
   </datafield>
   <datafield ind1="0" ind2="0" tag="852">
      <subfield code="0">6899436</subfield>
      <subfield code="b">rcppa</subfield>
      <subfield code="t">1</subfield>
      <subfield code="h">BX87</subfield>
      <subfield code="i">.0012 1909</subfield>
   </datafield>
   <datafield ind1=" " ind2=" " tag="959">
      <subfield code="a">2012-03-09 14:55:14 -0400</subfield>
   </datafield>
</record>
